@online{wiki:MMX,
	author={{Mega Man X (video game)}},
	title={{The Megaman Knowledge Database}},
	url={https://megaman.fandom.com/wiki/Mega_Man_X_(video_game)}
}

@online{wiki:MMX_script,
	author={{Mega Man X (video game)/Script}},
	title={{The Megaman Knowledge Database}},
	url={https://megaman.fandom.com/wiki/Mega_Man_X_(video_game)/Script}
}


@online{Xcoll1:Manual_1,
	author={{Megaman X legacy collection 1}},
	title={{Megaman X Gallery}}
}
